@book{fuchs2013inference,
  title={Inference for Diffusion Processes: With Applications in Life Sciences},
  author={Fuchs, Christiane},
  year={2013},
  publisher={Springer Science \& Business Media}
}

@article{tanner1987,
  title={The calculation of posterior distributions by data augmentation},
  author={Tanner, Martin A and Wong, Wing Hung},
  journal={Journal of the American statistical Association},
  volume={82},
  number={398},
  pages={528--540},
  year={1987},
  publisher={Taylor \& Francis}
}

@book{iacus2009,
  title={Simulation and inference for stochastic differential equations: with R examples},
  author={Iacus, Stefano M},
  year={2009},
  publisher={Springer Science \& Business Media}
}

@article{blomberg2017,
  title={Beyond Brownian motion and the Ornstein-Uhlenbeck process: Stochastic diffusion models for the evolution of quantitative characters.},
  author={Blomberg, Simon Phillip},
  journal={bioRxiv},
  pages={067363},
  year={2017},
  publisher={Cold Spring Harbor Laboratory}
}

